<mx:record xmlns="http://www.w3.org/TR/xhtml1/strict" xmlns:mx="http://www.loc.gov/MARC21/slim" xmlns:xsi="http://www.w3.org/2001/XMLSchema-instance"><mx:leader>00000nz  a2200000n  45 0</mx:leader><mx:controlfield tag="001">oca03149206 </mx:controlfield><mx:controlfield tag="005">19920410100921.4</mx:controlfield><mx:controlfield tag="008">920408n| acannaab|          |a aaa     c</mx:controlfield><mx:datafield ind1=" " ind2=" " tag="010"><mx:subfield code="a">nr 92013665</mx:subfield></mx:datafield><mx:datafield ind1=" " ind2=" " tag="040"><mx:subfield code="a">NjP</mx:subfield><mx:subfield code="c">NjP</mx:subfield></mx:datafield><mx:datafield ind1="0" ind2=" " tag="100"><mx:subfield code="a">Xenocritus,</mx:subfield><mx:subfield code="c">of Locri,</mx:subfield><mx:subfield code="d">7th cent. B.C.</mx:subfield></mx:datafield><mx:datafield ind1="0" ind2=" " tag="400"><mx:subfield code="a">Xenokratēs,</mx:subfield><mx:subfield code="d">7th cent. B.C.</mx:subfield></mx:datafield><mx:datafield ind1="0" ind2=" " tag="400"><mx:subfield code="a">Senocrito,</mx:subfield><mx:subfield code="c">di Locri,</mx:subfield><mx:subfield code="d">7th cent. B.C.</mx:subfield></mx:datafield><mx:datafield ind1="0" ind2=" " tag="400"><mx:subfield code="a">Xenokritos,</mx:subfield><mx:subfield code="d">7th cent. B.C.</mx:subfield></mx:datafield><mx:datafield ind1="0" ind2=" " tag="400"><mx:subfield code="a">Xenokratos,</mx:subfield><mx:subfield code="d">7th cent. B.C.</mx:subfield></mx:datafield><mx:datafield ind1="0" ind2=" " tag="400"><mx:subfield code="a">Xenokrotos,</mx:subfield><mx:subfield code="d">7th cent. B.C.</mx:subfield></mx:datafield><mx:datafield ind1=" " ind2=" " tag="670"><mx:subfield code="a">Fileni, M.G. Senocrito di Locri e Pindaro, 1987:</mx:subfield><mx:subfield code="b">p. 13 (Greek: Xenokritos; also, Xenokratēs, Xenokratos, Xenokrotos; active 2nd half 7th cent. B.C.)</mx:subfield></mx:datafield><mx:datafield ind1=" " ind2=" " tag="670"><mx:subfield code="a">WWW in the Greek world</mx:subfield><mx:subfield code="b">(Xenocritus; musician and poet, ca. 665 B.C.?; Xenokritos, of Locri in Southern Italy)</mx:subfield></mx:datafield><mx:datafield ind1=" " ind2=" " tag="670"><mx:subfield code="a">Cambr. hist. of class. lit.:</mx:subfield><mx:subfield code="b">v. 1, p. 169 (Xenocritus of Locri, Spartan poet)</mx:subfield></mx:datafield><mx:datafield ind1=" " ind2=" " tag="675"><mx:subfield code="a">Ox. class. dict., 2nd ed.;</mx:subfield><mx:subfield code="a">Enc. Brit., 15th ed.</mx:subfield></mx:datafield><mx:datafield ind1=" " ind2=" " tag="999"><mx:subfield code="a">13</mx:subfield></mx:datafield></mx:record>